@book{kubensky,
    author    = "Кубенский, А. А.",
    title     = "{Ф}ункциональное программирование. {У}чебно-методическое пособие.",
    address = "СПб.",
    publisher = "НИУ ИТМО",
    year      = 2008,
    numpages = 149,
    language = "russian"
}

@article{landin,
    author  = "Peter Landin",
    title   = "The mechanical evaluation of expressions",
    journal = "The {C}omputer {J}ournal",
    pages   = "308--320",
    volume = 6,
    year    = 1964,
    language = "english"
}

